%!TEX root = thesis.tex

% From dblp.org
@book{DBLP:books/sp/GrubaZ17,
  author       = {Paul Gruba and
                  Justin Zobel},
  title        = {How To Write Your First Thesis},
  publisher    = {Springer},
  year         = {2017},
  url          = {https://doi.org/10.1007/978-3-319-61854-8},
  doi          = {10.1007/978-3-319-61854-8},
  isbn         = {978-3-319-61853-1},
  timestamp    = {Mon, 15 Jun 2020 16:48:23 +0200},
  biburl       = {https://dblp.org/rec/books/sp/GrubaZ17.bib},
  bibsource    = {dblp computer science bibliography, https://dblp.org}
}

@book{DBLP:books/sp/EvansGZ14,
  author       = {David Evans and
                  Paul Gruba and
                  Justin Zobel},
  title        = {How to Write a Better Thesis},
  publisher    = {Springer},
  year         = {2014},
  url          = {https://doi.org/10.1007/978-3-319-04286-2},
  doi          = {10.1007/978-3-319-04286-2},
  isbn         = {978-3-319-04285-5},
  timestamp    = {Tue, 13 Mar 2018 15:08:55 +0100},
  biburl       = {https://dblp.org/rec/books/sp/EvansGZ14.bib},
  bibsource    = {dblp computer science bibliography, https://dblp.org}
}

% From dblp.org
@book{DBLP:books/sp/Zobel14,
  author       = {Justin Zobel},
  title        = {Writing for Computer Science},
  publisher    = {Springer},
  year         = {2014},
  url          = {https://doi.org/10.1007/978-1-4471-6639-9},
  doi          = {10.1007/978-1-4471-6639-9},
  isbn         = {978-1-4471-6638-2},
  timestamp    = {Tue, 16 May 2017 14:01:44 +0200},
  biburl       = {https://dblp.org/rec/books/sp/Zobel14.bib},
  bibsource    = {dblp computer science bibliography, https://dblp.org}
}

@inproceedings{DBLP:conf/cikm/Zobel15,
  author       = {Justin Zobel},
  editor       = {Mouna Kacimi and
                  Nicoleta Preda and
                  Maya Ramanath},
  title        = {Beyond The Thesis: Completing {A} Successful PhD},
  booktitle    = {Proceedings of the 8th Workshop on Ph.D. Workshop in Information and
                  Knowledge Management, {PIKM} 2015, Melbourne, Australia, October 19,
                  2015},
  pages        = {43},
  publisher    = {{ACM}},
  year         = {2015},
  url          = {https://dl.acm.org/citation.cfm?id=2815473},
  timestamp    = {Wed, 28 Nov 2018 12:57:14 +0100},
  biburl       = {https://dblp.org/rec/conf/cikm/Zobel15.bib},
  bibsource    = {dblp computer science bibliography, https://dblp.org}
}

@inproceedings{DBLP:conf/icse-seeng/MauererKS22,
  author       = {Wolfgang Mauerer and
                  Stefan Klessinger and
                  Stefanie Scherzinger},
  title        = {Beyond the badge: reproducibility engineering as a lifetime skill},
  booktitle    = {Proceedings of the 4th International Workshop on Software Engineering
                  Education for the Next Generation, SEENG@ICSE 2022, Pittsburgh, Pennsylvania,
                  17 May 2022},
  pages        = {1--4},
  publisher    = {{ACM}},
  year         = {2022},
  url          = {https://doi.org/10.1145/3528231.3528359},
  doi          = {10.1145/3528231.3528359},
  timestamp    = {Fri, 24 Feb 2023 15:30:38 +0100},
  biburl       = {https://dblp.org/rec/conf/icse-seeng/MauererKS22.bib},
  bibsource    = {dblp computer science bibliography, https://dblp.org}
}

@online{noauthor_algorithms_nodate,
  title        = {Algorithms},
  URL          = {https://de.overleaf.com/learn/latex/Algorithms},
  abstract     = {Ein einfach bedienbarer Online-{LaTeX}-Editor. Keine Installation 
                  notwendig, Zusammenarbeit in Echtzeit, Versionskontrolle, Hunderte von {LaTeX}-Vorlagen und mehr},
  urldate      = {2024-03-09},
  langid       = {german}
}